<record xmlns="http://www.loc.gov/MARC21/slim" xmlns:xsi="http://www.w3.org/2001/XMLSchema-instance" xsi:schemaLocation="http://www.loc.gov/MARC21/slim http://www.loc.gov/standards/marcxml/schema/MARC21slim.xsd"><leader>01059nz   2200205n  4500</leader><controlfield tag="001">oca01808288 </controlfield><controlfield tag="005">19870414092359.8</controlfield><controlfield tag="008">870313n| acannaab|          |a aaa |||  </controlfield><datafield ind1=" " ind2=" " tag="010"><subfield code="a">n  86113590 </subfield></datafield><datafield ind1=" " ind2=" " tag="040"><subfield code="a">DLC</subfield><subfield code="c">DLC</subfield><subfield code="d">DLC</subfield></datafield><datafield ind1="0" ind2=" " tag="100"><subfield code="a">Nonius Marcellus,</subfield><subfield code="d">4th cent.</subfield></datafield><datafield ind1="1" ind2=" " tag="400"><subfield code="a">Marcellus, Nonius,</subfield><subfield code="d">4th cent.</subfield></datafield><datafield ind1="0" ind2=" " tag="400"><subfield code="a">Nonius Marcellus</subfield><subfield code="w">nnaa</subfield></datafield><datafield ind1=" " ind2=" " tag="670"><subfield code="a">His De compendiosa doctrina, 1471</subfield><subfield code="b">(name not given)</subfield></datafield><datafield ind1=" " ind2=" " tag="670"><subfield code="a">Goff</subfield><subfield code="b">(Nonius Marcellus)</subfield></datafield><datafield ind1=" " ind2=" " tag="670"><subfield code="a">LC PA classification schedule</subfield><subfield code="b">(Nonius Marcellus; grammarian, 4th cent. C.E.)</subfield></datafield><datafield ind1=" " ind2=" " tag="670"><subfield code="a">Oxford Classical dict.</subfield><subfield code="b">(Nonius Marcellus; lexicographer and grammarian; early 4th cent. A.D.)</subfield></datafield><datafield ind1=" " ind2=" " tag="670"><subfield code="a">Grant, M. Greek and Latin authors, 1980</subfield><subfield code="b">(Nonius Marcellus; Latin lexicographer and grammarian; probably to be identified with the Nonius Marcellus Herculius who was a citizen of Thubursicu Numidarum in 4th cent.)</subfield></datafield><datafield ind1=" " ind2=" " tag="670"><subfield code="a">Encycl. Britannica, Macropaedia</subfield><subfield code="b">(Nonius Marcellus; b. before 6th cent. A.D.; Latin grammarian and lexicographer)</subfield></datafield><datafield ind1=" " ind2=" " tag="670"><subfield code="a">LC data base, 3-7-87</subfield><subfield code="b">(hdg.: Nonius Marcellus)</subfield></datafield></record>